<?xml version="1.0" encoding="UTF-8"?><collection xmlns="http://www.loc.gov/MARC21/slim"><record><leader>00441nam--2200169-i-4500</leader><controlfield tag="001">000037801</controlfield><controlfield tag="002">20161230</controlfield><controlfield tag="005">20170122230100</controlfield><controlfield tag="008">060222s1000------------r-----000-0-eng-d</controlfield><datafield ind1=" " ind2=" " tag="100"><subfield code="a">Ramo, Simon</subfield></datafield><datafield ind1=" " ind2=" " tag="245"><subfield code="a">Fields and waves in modern radio</subfield></datafield><datafield ind1=" " ind2=" " tag="260"><subfield code="a">New York</subfield><subfield code="b">John Wiley &amp; Sons</subfield><subfield code="c">1949</subfield></datafield><datafield ind1=" " ind2=" " tag="300"><subfield code="a">X + 502 p.+ 1 Tab</subfield></datafield><datafield ind1=" " ind2=" " tag="490"><subfield code="a">General Electric Series</subfield></datafield><datafield ind1=" " ind2=" " tag="700"><subfield code="a">Whinnery, John R</subfield></datafield><datafield ind1=" " ind2=" " tag="852"><subfield code="a">744</subfield></datafield><datafield ind1=" " ind2=" " tag="CAT"><subfield code="a">SYS</subfield><subfield code="c">20170122</subfield><subfield code="h">230100</subfield></datafield></record></collection>